@book{doc,
  title={Geometria Riemanniana},
  author={do Carmo, M.P.},
  series={Escola de geometria diferencial},
  year={1979},
  publisher={Instituto de Matem{\'a}tica Pura e Aplicada}
}

@book{beauville, place={Cambridge}, edition={2}, series={London Mathematical Society Student Texts}, title={Complex Algebraic Surfaces}, publisher={Cambridge University Press}, author={Beauville, Arnaud}, year={1996}, collection={London Mathematical Society Student Texts}} <div></div>

@book{mc,
 ISBN = {9780691081229},
 URL = {http://www.jstor.org/stable/j.ctt1b7x751},
 abstract = {The theory of characteristic classes provides a meeting ground for the various disciplines of differential topology, differential and algebraic geometry, cohomology, and fiber bundle theory. As such, it is a fundamental and an essential tool in the study of differentiable manifolds.In this volume, the authors provide a thorough introduction to characteristic classes, with detailed studies of Stiefel-Whitney classes, Chern classes, Pontrjagin classes, and the Euler class. Three appendices cover the basics of cohomology theory and the differential forms approach to characteristic classes, and provide an account of Bernoulli numbers.Based on lecture notes of John Milnor, which first appeared at Princeton University in 1957 and have been widely studied by graduate students of topology ever since, this published version has been completely revised and corrected.},
 author = {John W. Milnor and James D. Stasheff},
 publisher = {Princeton University Press},
 title = {Characteristic Classes. (AM-76)},
 urldate = {2025-03-22},
 year = {1974}
}


@book{oni,
  author = {O'Neill, Barrett},
  isbn = {0125267401},
  publisher = {Academic Press},
  title = {Semi-Riemannian Geometry With Applications to Relativity},
  year = 1983
}


@book{voi, place={Cambridge}, series={Cambridge Studies in Advanced Mathematics}, title={Hodge Theory and Complex Algebraic Geometry I}, publisher={Cambridge University Press}, author={Voisin, Claire}, editor={Schneps, LeilaTranslator}, year={2002}, collection={Cambridge Studies in Advanced Mathematics}}

@book{salsa,
  title={Partial Differential Equations in Action: From Modelling to Theory},
  author={Salsa, S.},
  year={2016},
  publisher={Springer International Publishing}
}


@misc{pedro,
      title={A note on deformations of finite dimensional modules over $\mathbb{k}$-algebras}, 
      author={Jose A. Vélez-Marulanda and Pedro Rizzo},
      year={2023},
      eprint={2305.08838},
      archivePrefix={arXiv},
      primaryClass={math.RT},
      url={https://arxiv.org/abs/2305.08838}, 
}

@article{ilp13,
   title={Toric degenerations of Fano threefolds giving weak Landau–Ginzburg models},
   volume={374},
   ISSN={0021-8693},
   url={http://dx.doi.org/10.1016/j.jalgebra.2012.11.002},
   DOI={10.1016/j.jalgebra.2012.11.002},
   journal={Journal of Algebra},
   publisher={Elsevier BV},
   author={Ilten, Nathan Owen and Lewis, Jacob and Przyjalkowski, Victor},
   year={2013},
   month=jan, pages={104–121}
}

@misc{prz09,
      title={Weak Landau-Ginzburg models for smooth Fano threefolds}, 
      author={Victor Przyjalkowski},
      year={2012},
      eprint={0902.4668},
      archivePrefix={arXiv},
      primaryClass={math.AG},
      url={https://arxiv.org/abs/0902.4668}, 
}

@article{qperiods,
   title={Quantum periods for 3–dimensional Fano manifolds},
   volume={20},
   ISSN={1465-3060},
   url={http://dx.doi.org/10.2140/gt.2016.20.103},
   DOI={10.2140/gt.2016.20.103},
   number={1},
   journal={Geometry \& Topology},
   publisher={Mathematical Sciences Publishers},
   author={Coates, Tom and Corti, Alessio and Galkin, Sergey and Kasprzyk, Alexander},
   year={2016},
   month=feb, pages={103–256} }


@inbook{mifa,
   title={Mirror Symmetry and Fano Manifolds},
   ISBN={9783037191200},
   url={http://dx.doi.org/10.4171/120-1/16},
   DOI={10.4171/120-1/16},
   year={2012},
   booktitle={European Congress of Mathematics Kraków, 2 – 7 July, 2012},
   publisher={European Mathematical Society Publishing House},
   author={Coates, Tom and Corti, Alessio and Galkin, Sergey and Golyshev, Vasily and Kasprzyk, Alexander},
   pages={285–300} }

@misc{galkin1,
      title={Small toric degenerations of Fano threefolds}, 
      author={Sergey Galkin},
      year={2008},
      eprint={1809.02705},
      archivePrefix={arXiv},
      primaryClass={math.AG},
      url={https://arxiv.org/abs/1809.02705}, 
}

@article{pfgr,
   title={The Pfaffian-Grassmannian equivalence revisited},
   ISSN={2214-2584},
   url={http://dx.doi.org/10.14231/AG-2015-015},
   DOI={10.14231/ag-2015-015},
   journal={Algebraic Geometry},
   publisher={Foundation Compositio Mathematica},
   author={Addington, Nicolas and Donovan, Will and Segal, Ed},
   year={2015},
   month=jul, pages={332–364} }

@article{hot,
   title={Aspects of non-abelian gauge dynamics in two-dimensional Script N = (2,2) theories},
   volume={2007},
   ISSN={1029-8479},
   url={http://dx.doi.org/10.1088/1126-6708/2007/05/079},
   DOI={10.1088/1126-6708/2007/05/079},
   number={05},
   journal={Journal of High Energy Physics},
   publisher={Springer Science and Business Media LLC},
   author={Hori, Kentaro and Tong, David},
   year={2007},
   month=may, pages={079–079} }


@article{kk1,
   title={Calabi–Yau threefolds in ${\mathbb{P}}^6$},
   volume={195},
   ISSN={1618-1891},
   url={http://dx.doi.org/10.1007/s10231-015-0476-0},
   DOI={10.1007/s10231-015-0476-0},
   number={2},
   journal={Annali di Matematica Pura ed Applicata (1923 -)},
   publisher={Springer Science and Business Media LLC},
   author={Kapustka, Grzegorz and Kapustka, Michał},
   year={2015},
   month=jan, pages={529–556} }


@misc{pfaffian,
      title={Pfaffian Calabi-Yau Threefolds and Mirror Symmetry}, 
      author={Atsushi Kanazawa},
      year={2013},
      eprint={1006.0223},
      archivePrefix={arXiv},
      primaryClass={math.AG},
      url={https://arxiv.org/abs/1006.0223}, 
}

@inproceedings{def0,
  title={Deformations of algebraic schemes},
  author={Edoardo Sernesi},
  year={2006},
}

@article{grun,
title = {An enumeration of simplicial 4-polytopes with 8 vertices},
journal = {Journal of Combinatorial Theory},
volume = {2},
number = {4},
pages = {437-465},
year = {1967},
issn = {0021-9800},
doi = {https://doi.org/10.1016/S0021-9800(67)80055-3},
url = {https://www.sciencedirect.com/science/article/pii/S0021980067800553},
author = {Branko Grünbaum and V.P. Sreedharan},
abstract = {An enumeration of all the different combinatorial types of 4-dimensional simplicial convex polytopes with 8 vertices is given. It corrects an earlier enumeration attempt by M. Brückner, and leads to a simple example of a diagram which is not a Schlegel diagram.}
}


@misc{sturm,
  author        = {Bernd Sturmfels},
  title         = {Solving Systems of Polynomial Equations},
  year          = {2000},
  url		= {https://math.berkeley.edu/~bernd/cbms.pdf}
}

@misc{luk2,
      title={Arithmetically Gorenstein Calabi-Yau threefolds in $\mathbb{P}^7$}, 
      author={Stephen Coughlan and Lukasz Golebiowski and Grzegorz Kapustka and Michal Kapustka},
      year={2016},
      eprint={1609.01195},
      archivePrefix={arXiv},
      primaryClass={math.AG},
      url={https://arxiv.org/abs/1609.01195}, 
}

@misc{luk1,
 author = {{\L}ukasz Go{\l}ebio{w}ski},
title   = {Some observations on simplicial polytopes via Gorenstein Calabi-Yau threefolds},
  url	= {github.com/sergunchik/daniel/papers}}

@misc{jan1,
      title={Deformations of equivelar Stanley-Reisner abelian surfaces}, 
      author={Jan Arthur Christophersen},
      year={2011},
      eprint={1003.4004},
      archivePrefix={arXiv},
      primaryClass={math.AG},
      url={https://arxiv.org/abs/1003.4004}, 
}

@misc{jan2,
      title={Deforming Stanley-Reisner schemes}, 
      author={Klaus Altmann and Jan Arthur Christophersen},
      year={2009},
      eprint={0901.2502},
      archivePrefix={arXiv},
      primaryClass={math.AG},
      url={https://arxiv.org/abs/0901.2502}, 
}

@misc{jan3,
      title={Cotangent cohomology of Stanley-Reisner rings}, 
      author={Klaus Altmann and Jan Arthur Christophersen},
      year={2008},
      eprint={math/0006139},
      archivePrefix={arXiv},
      primaryClass={math.AG},
      url={https://arxiv.org/abs/math/0006139}, 
}
@book{hall,
author="Hall, Brian",
title="Lie Groups, Lie Algebras, and Representations: An Elementary Introduction",
year="2015",
publisher="Springer International Publishing",
address="Cham",
pages="371--405",
isbn="978-3-319-13467-3",
doi="10.1007/978-3-319-13467-3_13",
url="https://doi.org/10.1007/978-3-319-13467-3_13"
}

@article{jan4,
   title={Hilbert schemes and toric degenerations for low degree Fano threefolds},
   volume={2016},
   ISSN={0075-4102},
   url={http://dx.doi.org/10.1515/crelle-2014-0011},
   DOI={10.1515/crelle-2014-0011},
   number={717},
   journal={Journal für die reine und angewandte Mathematik (Crelles Journal)},
   publisher={Walter de Gruyter GmbH},
   author={Christophersen, Jan Arthur and Ilten, Nathan},
   year={2014},
   month=mar, pages={77–100} }

@book{sea,
  title={The Rising Sea: Foundations of Algebraic Geometry},
  author={Vakil, R.},
  isbn={9780691268668},
  year={2025},
  publisher={Princeton University Press}
}


@book{hart,
  author = {Hartshorne, Robin},
  publisher = {Springer},
  series = {Graduate Texts in Mathematics},
  title = {{Algebraic Geometry}},
  volume = 52,
  year = 1977
}

@misc{kon,
      title={Quantum Minimal Surfaces}, 
      author={Joakim Arnlind and Jens Hoppe and Maxim Kontsevich},
      year={2019},
      eprint={1903.10792},
      archivePrefix={arXiv},
      primaryClass={math-ph},
      url={https://arxiv.org/abs/1903.10792}, 
}

@misc{verbi,
      title={Principles of Locally Conformally Kahler Geometry}, 
      author={Liviu Ornea and Misha Verbitsky},
      year={2024},
      eprint={2208.07188},
      archivePrefix={arXiv},
      primaryClass={math.DG},
      url={https://arxiv.org/abs/2208.07188}, 
}

@book{hall,
author="Hall, Brian",
title="Lie Groups, Lie Algebras, and Representations: An Elementary Introduction",
year="2015",
publisher="Springer International Publishing",
address="Cham",
pages="371--405",
isbn="978-3-319-13467-3",
doi="10.1007/978-3-319-13467-3_13",
url="https://doi.org/10.1007/978-3-319-13467-3_13"
}

@misc{reportdouglas,
  author        = {Michael R. Douglas},
  title         = {Report on the status of the Yang-Mills problem},
  year          = {2003},
}

@book{hat,
	author        = "Hatcher, A.",
	title         = "{Algebraic topology}",
	publisher     = "Cambridge Univ. Press",
	address       = "Cambridge",
	year          = "2000",
}
@book{hatcher,
	author        = "Hatcher, A.",
	title         = "{Algebraic topology}",
	publisher     = "Cambridge Univ. Press",
	address       = "Cambridge",
	year          = "2000",
}

@book{lee,
	author = {Lee, John M.},
	title = {Introduction to Smooth Manifolds},
	year = 2013,
	edition = "Second Edition"
}
@book{les,
	author = {Lee, John M.},
	title = {Introduction to Smooth Manifolds},
	year = 2013,
	edition = "Second Edition"
}

@book{ler,
  title={Introduction to Riemannian Manifolds},
  author={Lee, John M.},
  isbn={9783319917542},
  series={Graduate Texts in Mathematics},
  year={2019},
  publisher={Springer International Publishing}
}
	

@book{oneill,
	author = {O'Neill, Barrett},
	isbn = {0125267401},
	publisher = {Academic Press},
	title = {Semi-Riemannian Geometry With Applications to Relativity, 103, Volume 103 (Pure and Applied Mathematics)},
	year = 1983
}

@online{rational-circle,
	author={Baez, J. and Baker, K.},
	title={This Week's Finds in Mathematical Physics (Week 286)},
	url={https://math.ucr.edu/home/baez/week286.html}}
	
@book{gui,
		title={Differential Topology},
		author={Guillemin, V. and Pollack, A.},
		isbn={9780821851937},
		lccn={2010011053},
		series={AMS Chelsea Publishing},
		year={2010},
		publisher={AMS Chelsea Pub.}
	}

@book{gui2,
  title={Stable Mappings and Their Singularities},
  author={Golubitsky, M. and Guillemin, V.},
  series={Graduate texts in mathematics},
  year={1974},
  publisher={Springer}
}

	
@book{burago,
	title={A Course in Metric Geometry},
	author={Burago, D. and Burago, I.U.D. and Ivanov, S.},
	isbn={9780821821299},
	lccn={20122062},
	series={Crm Proceedings \& Lecture Notes},
	year={2001},
	publisher={American Mathematical Society}
}

@Inbook{vinberg,
	author="Alekseevskij, D. V.
	and Vinberg, E. B.
	and Solodovnikov, A. S.",
	editor="Vinberg, E. B.",
	title="Geometry of Spaces of Constant Curvature",
	bookTitle="Geometry II: Spaces of Constant Curvature",
	year="1993",
	publisher="Springer Berlin Heidelberg",
	address="Berlin, Heidelberg",
	pages="1--138",
	abstract="Spaces of constant curvature, i.e. Euclidean space, the sphere, and Lobachevskij space, occupy a special place in geometry. They are most accessible to our geometric intuition, making it possible to develop elementary geometry in a way very similar to that used to create the geometry we learned at school. However, since its basic notions can be interpreted in different ways, this geometry can be applied to objects other than the conventional physical space, the original source of our geometric intuition.",
	isbn="978-3-662-02901-5",
	doi="10.1007/978-3-662-02901-5_1",
	url="https://doi.org/10.1007/978-3-662-02901-5_1"
}

@article{seifert,
	ISSN = {0003486X},
	URL = {http://www.jstor.org/stable/2118623},
	author = {Krystyna Kuperberg},
	journal = {Annals of Mathematics},
	number = {3},
	pages = {723--732},
	publisher = {Annals of Mathematics},
	title = {A Smooth Counterexample to the Seifert Conjecture},
	urldate = {2024-06-05},
	volume = {140},
	year = {1994}
}

@book{gri,
  address = {New York },
  author = {Griffiths, Phillip and Harris, Joseph},
  publisher = {John Wiley \& Sons},
  series = {Pure and Applied Mathematics. A Wiley-Interscience Publication.},
  title = {Principles of algebraic geometry },
  year = 1978
}
	
@book{dummit,
  title={Abstract Algebra},
  author={Dummit, D.S. and Foote, R.M.},
  year={2003},
  publisher={Wiley}
}

@book{hatvb,
  author = {Hatcher, A.},
  note = {http://www.math.cornell.edu/\~{}hatcher},
  title = {Vector Bundles and K-Theory},
  year = 2003
}

@misc{chark,
  author        = {Randal-Williams},
  title         = {Charactersic classes and K-theory},
  year          = {2023},
  url		= {https://www.dpmms.cam.ac.uk/~or257/teaching/notes/Kthy_long.pdf}
}	

@book{moshtang,
  title={Cohomology Operations and Applications in Homotopy Theory},
  author={Mosher, R.E. and Tangora, M.C.},
  series={Dover Books on Mathematics Series},
  year={2008},
  publisher={Dover Publications}
}

@book{james,
  title={The Topology of Stiefel Manifolds},
  author={James, I.M.},
  year={1976},
  publisher={Cambridge University Press}
}

@inproceedings{quadratic,
  title={Integral quadratic forms : applications to algebraic geometry},
  author={Igor Dolgachev},
  year={1983},
  url={http://www.numdam.org/article/SB_1982-1983__25__251_0.pdf}
}

@book{tus,
  title={An Introduction to Manifolds},
  author={Tu, L.W.},
  isbn={9781441973993},
  lccn={2010936466},
  series={Universitext},
  year={2010},
  publisher={Springer New York}
}
@book{tu-smooth,
  title={An Introduction to Manifolds},
  author={Tu, L.W.},
  isbn={9781441973993},
  lccn={2010936466},
  series={Universitext},
  year={2010},
  publisher={Springer New York}
}

@book{tud,
  title={Differential Geometry: Connections, Curvature, and Characteristic Classes},
  author={Tu, L.W.},
  isbn={9783319550848},
  series={Graduate Texts in Mathematics},
  year={2017},
  publisher={Springer International Publishing}
}
@book{tu-diff,
  title={Differential Geometry: Connections, Curvature, and Characteristic Classes},
  author={Tu, L.W.},
  isbn={9783319550848},
  series={Graduate Texts in Mathematics},
  year={2017},
  publisher={Springer International Publishing}
}

@book{das,
  title={Lectures on Symplectic Geometry},
  author={da Silva, A.C.},
  number={no. 1764},
  isbn={9783540421955},
  lccn={2008924358},
  series={Lecture Notes in Mathematics},
  year={2001},
  publisher={Springer}
}

@article{mori,
author = {Shigefumi Mori},
title = {{On degrees and genera of curves on smooth quartic surfaces in ${\bf P}^3$}},
volume = {96},
journal = {Nagoya Mathematical Journal},
publisher = {Nagoya Mathematical Journal},
pages = {127 -- 132},
year = {1984}
}
@article{saint-donat,
  title={Projective Models of K - 3 Surfaces},
  author={B. Saint-Donat},
  journal={American Journal of Mathematics},
  year={1974},
  volume={96},
  pages={602}}

@book{beauville,
	place={Cambridge}, edition={2}, series={London Mathematical Society Student Texts}, title={Complex Algebraic Surfaces}, publisher={Cambridge University Press}, author={Beauville, Arnaud}, year={1996}, collection={London Mathematical Society Student Texts}} <div></div>}

@misc{wang,
  author = {Wang, Quoqin},
  title = {Lecture notes in Symplectic Geometry (Lecture 12)},
  url = {http://staff.ustc.edu.cn/~wangzuoq/Courses/15S-Symp/SympGeom.html}
}

@book{huc,
  title={Complex Geometry: An Introduction},
  author={Huybrechts, D.},
  series={Universitext (Berlin. Print)},
  year={2005},
  publisher={Springer}
}


@book{huk,
  title={Lectures on K3 Surfaces},
  author={Huybrechts, D.},
  isbn={9781107153042},
  lccn={2016019204},
  series={Cambridge Studies in Advanced Mathematics},
  year={2016},
  publisher={Cambridge University Press}
}

@book{zo1,
  title={Mathematical Analysis I},
  author={Zorich, V.A. and Cooke, R.},
  isbn={9783540403869},
  lccn={2003061758},
  series={Mathematical Analysis},
  year={2004},
  publisher={Springer}
}

	#For home assignment 6 in K3
@article{boothby,
 ISSN = {00029947},
 URL = {http://www.jstor.org/stable/1994789},
 author = {William M. Boothby},
 journal = {Transactions of the American Mathematical Society},
 pages = {93--100},
 publisher = {American Mathematical Society},
 title = {Transitivity of the Automorphisms of Certain Geometric Structures},
 urldate = {2024-11-11},
 volume = {137},
 year = {1969}
}

@book{wood,
  title={Geometric Quantization},
  author={Woodhouse, N.M.J.},
  isbn={9780198535287},
  lccn={lc80040062},
  series={Oxford mathematical monographs},
  year={1980},
  publisher={Clarendon Press}
}

@book{hallq,
  title={Quantum Theory for Mathematicians},
  author={Hall, B.C.},
  isbn={9781461471165},
  series={Graduate Texts in Mathematics},
  year={2013},
  publisher={Springer New York}
}

@misc{verbi,
      title={Principles of Locally Conformally Kahler Geometry}, 
      author={Liviu Ornea and Misha Verbitsky},
      year={2024},
      eprint={2208.07188},
      archivePrefix={arXiv},
      primaryClass={math.DG},
      url={https://arxiv.org/abs/2208.07188}, 
}

@book{lec,
  title={Introduction to Complex Manifolds},
  author={Lee, J.M.},
  isbn={9781470476953},
  lccn={2024011524},
  series={Graduate Studies in Mathematics},
  year={2024},
  publisher={American Mathematical Society}
}
@book{leec,
  title={Introduction to Complex Manifolds},
  author={Lee, J.M.},
  isbn={9781470476953},
  lccn={2024011524},
  series={Graduate Studies in Mathematics},
  year={2024},
  publisher={American Mathematical Society}
}

@book{milnorch,
  title={Characteristic Classes},
  author={Milnor, J.W. and Stasheff, J.D.},
  isbn={9780691081229},
  lccn={lc72004050},
  series={Annals of mathematics studies},
  year={1974},
  publisher={Princeton University Press}
}

@misc{sg,
  author        = {Bursztyn, H. and Macarini, L.},
  title         = {Introdução a Geomeria Simplética},
  year          = {2006},
  url		= {https://w3.impa.br/~henrique/papers/EGD2806.pdf}
}

@book{arn,
  title={Mathematical Methods of Classical Mechanics},
  author={Arnold, V.I. and Vogtmann, K. and Weinstein, A.},
  isbn={9781475716931},
  series={Graduate Texts in Mathematics},
  year={2013},
  publisher={Springer New York}
}

@inproceedings{yangmills,
  title={Quantum Yang-Mills theory},
  author={Arthur Jaffe and Edward Witten},
  year={2000},
}

@book{milnordt,
  author = {Milnor, John},
  keywords = {Mathematics Topology},
  publisher = {University Press of Virginia},
  title = {Topology from the Differentiable Viewpoint},
  year = 1965
}

@book{hirsch,
  title={Differential Topology},
  author={Hirsch, M.W.},
  isbn={9781468494495},
  series={Graduate Texts in Mathematics},
  url={https://books.google.com.br/books?id=emTmBwAAQBAJ},
  year={2012},
  publisher={Springer New York}
}

